@phdthesis{thesis:rapid,
  author =       {Lan, K-C.},
  title  =       {Rapid Generation of Structural Models From Network Measurement},
  school =       {Department of Computer Science, University of Southern California},
  year   =       {2002} 
}

@misc{ valadas-modeling,
  author = "Valadas, S.",
  title = "Modeling Local Area Network Traffic with Markovian Traffic Models",
  url = "citeseer.nj.nec.com/459417.html" }

@inproceedings{infocom0306:linkoverload,
    author  = {Iyer, S. and Bhattacharyya, S. and Taft, N. and McKeown, N. and Diot, C.},
    title   = {{An approach to alleviate link overload as observed on an IP backbone}},
    booktitle = {IEEE Infocom},
    month   = Mar,
    year    = {2003},
    address = {San Francisco}
}

@misc{web:southerncross,
  note = {http://www.southerncrosscables.com/},
  title = {{S}outhern {C}ross {C}able {N}etwork},
  key = {{SCCN}},
}

@misc{web:cichlid,
  note = {http://moat.nlanr.net/Software/Cichlid},
  title = {Cichlid Data Visualization Software},
  key = {{Cichlid}},
}
@unpublished{cdiot:tier1,
  author = {  Diot, C. },
  title = {{A} {T}ier-1 {IP} {B}ackbone {N}etwork, {A}rchitecture, {P}erformance },
  note = {http://ipmon.sprint.com/pubs\_trs/tutorials/Backbone-Architecture-And-Performance.pdf},
}

@misc{ ishac01ftp,
  author = "Ishac, J.",
  title = "FTP Traffic Generator",
  text = "J. Ishac, FTP Traffic Generator, Technical Report, Case Western Reserve
    University, January 2001",
  year = "2001",
  url = "citeseer.nj.nec.com/ishac01ftp.html" 
}

@article{ claffy95parameterizable,
    author = "claffy, k. c. and Braun, H-W. and Polyzos, G.",
    title = "A Parameterizable Methodology for Internet Traffic Flow Profiling",
    journal = "IEEE Journal of Selected Areas in Communications",
    volume = "13",
    number = "8",
    pages = "1481-1494",
    year = "1995",
    url = "citeseer.nj.nec.com/claffy95parameterizable.html" 
}



@inproceedings{ crovellabestavros:sigmetrics96,
  author={Crovella, M. and Bestavros, A.},
  title ={{Self-Similarity in World Wide Web Traffic: Evidence and
		Possible Causes}}, 
  booktitle = {Proceedings of SIGMETRICS'96: The ACM International
		  Conference on Measurement and Modeling of Computer
		  Systems.},
  note={Also, in Performance evaluation review, May 1996, 24(1):160-169},
  month={May},
  address={Philadelphia, Pennsylvania},
  year = 1996,
  url={http://www.cs.bu.edu/fac/best/res/papers/sigmetrics96.ps},
  }

@misc{ lucas-mps,
  author = "Lucas, M. and Dempsey, B. and Wrege, D. and Weaver, A.",
  title = "(M,P,S) - An Efficient Background Traffic Model for Wide-Area Network Simulation",
  url = "citeseer.nj.nec.com/150879.html" }


@article{Heidemann01f,
        author = "Heidemann, J. and Mills, K. and Kumar, S.",
        title = "Expanding Confidence in Network Simulation",
        journal = "{IEEE} Network Magazine",
        year = "2001",
        volume = "15",
        number = "5",
        month = "Sept./Oct.",
        pages = "58--63",
        keywords = "vint, networks simulation, data diffusion",
        otherurl = "http://ieeexplore.ieee.org/iel5/65/20610/00953234.pdf?isNumber=20610",
        url = "http://www.isi.edu/~johnh/PAPERS/Heidemann01f.html",
        psurl = "http://www.isi.edu/~johnh/PAPERS/Heidemann01f.ps.gz",
        pdfurl = "http://www.isi.edu/~johnh/PAPERS/Heidemann01f.pdf",
        organization = "USC/Information Sciences Institute",
}

@article{ paxson94empirically,
    author = "Paxson, V.",
    title = "Empirically derived analytic models of wide-area {TCP} connections",
    journal = "IEEE\slash ACM Transactions on Networking",
    volume = "2",
    number = "4",
    pages = "316--336",
    year = "1994",
    url = "citeseer.nj.nec.com/article/paxson94empiricallyderived.html" }



@article{ paxson94growth,
    author = "Paxson, V.",
    title = "{G}rowth {T}rends in {W}ide-{A}rea {TCP} {C}onnections",
    journal = "IEEE Network",
    volume = "8",
    number = "4",
    month = "August",
    year = "1994",
    url = "citeseer.nj.nec.com/paxson94growth.html" }


@inproceedings{ paxson97why,
  author = "Paxson, V. and Floyd, S.",
  title = "Why We Don't Know How To Simulate the Internet",
  booktitle = "Winter Simulation Conference",
  pages = "1037-1044",
  year = "1997",
  url = "citeseer.nj.nec.com/article/paxson97why.html" 
}

@article{ calvert97modeling,
  author =   {Calvert, L. and Doar, M. and Zegura, W.},
  title =    {Modeling Internet Topology},
  journal =    {IEEE Communications Magazine},
  year =   1997,
  volume =   35,
  number =       6,
  pages =    {160-163},
  month =    {June},
  url =    {http://www.cc.gatech.edu/fac/Ellen.Zegura/papers/model.ps.gz}
}

@InProceedings{paper:asymdelay,
  author = 	 {McGregor, A. J. and Pearson, M. W. and Cleary, J.},
  title = 	 {The effect of multiplexing {HTTP} connections over asymmetric high
                  bandwidth-delay product circuits},
  booktitle =    {Proceedings of SPIE, Internet Routing and Quality of Service},
  year =         {1998},
  month =        {November},
  address =      {Boston, Massachusetts}
}

@InProceedings{paper:symdelay,
  author =       {Pearson, M. W. and McGregor, A. J.},
  key =          {Pearson 99},
  title  =       {A simulation study of networks and architectures to support {HTTP} traffic
                  on symmetric high-bandwidth*delay circuits},
  booktitle =    {Proceedings of {A}sia {P}acific {W}eb {C}onference},
  year =         {1999}
}

@InProceedings{paper:sensitivity,
  author =       {Pearson, M. W. and McGregor, A. J.},
  title =        {Sensitivity analysis of event driven simulation results},
  booktitle =    {Proceedings of the PAM2001 workshop on Passive and Active Measurements},
  year =         {2001},
  month =        {April},
  address =      {Amsterdam}
}

@mastersthesis{honours:validation,
  author =       {Lawson, D. H. T. R.},
  title =        {Validating the {S}imulator},
  type =         {{Honours Report}},
  school =       {{U}niversity {O}f {W}aikato, {N}ew {Z}ealand},
  year =         {2001},
}

@InProceedings{paper:validation,
  author =       {McGregor, A. J. and Pearson, M. W. and Lawson, D. H. T. R.},
  title =        {Validation of the {WAND} simulator through comparison with laboratory tests},
  booktitle =    {Proceedings of the PAM2002 workshop on Passive and Active Measurements},
  year =         {2002},
  month =        {March},
  address =      {Ft Collins, Colorado}
}

@InProceedings{mccreary:iptrends,
  author =       {McCreary, S. and claffy, k.},
  title =        {Trends in wide area IP traffic patterns - A view from Ames Internet Exchange},
  booktitle =    {ITC Specialist Seminar},
  year =         {2000},
  month =        {September},
  address =      {Monteray, CA}
}

@InProceedings{conf:atmtn,
  author = 	 {Arlitt, M. and Chen, Y. and Gurski, R. and Williamson, C.},
  title = 	 {Traffic modeling in the {ATM-TN} {TeleSim} project: {D}esign, implementation,
                  and performance evaluation."},
  booktitle = 	 {Proceedings of the 1995 Summer Computer Simulation Conference},
  year = 	 {1995},
  address =      {Ottawa, Ontario},
  month = 	 {July}
}

@InProceedings{ barford98generating,
    author = "Paul Barford and Mark Crovella",
    title = "Generating Representative Web Workloads for Network and Server Performance Evaluation",
    booktitle = "Measurement and Modeling of Computer Systems",
    pages = "151-160",
    year = "1998",
    url = "citeseer.nj.nec.com/barford98generating.html" }
    
@unpublished{ paper:volumecontrol,
  author =  {Duffield, N. and Lund, C. and Thorup, M.},
  title =   {Learn More, Sample Less: Control of Volume and Variance in Network Measurement},
  note =    {Submitted for publication},
  url =     {http://www.research.att.com/~duffield/pubs/DLT02-optimal.pdf}
}

@ARTICLE{jain.routhier_train86,
   author = {Jain, R. and Routhier, S. A.},
    title = {Packet trains - measurement and a new model for computer network traffic},
  journal = {IEEE J. Select Areas Commun.},
   volume = {4},
   number = {6},
    pages = {986 -- 995},
     year = {1986}    
}         
@article{ieeetrans03:,
  author        = {Barakat, Chadi and Thiran, Patrick and Iannaccone, Gianluca and Diot, Christophe and Owezarski, Philippe},
  title         = {Modeling {I}nternet Backbone Traffic at the Flow Level},
  journal       = {IEEE Transactions on Signal Processing (Special Issue on Networking)},
  month         = Aug,
  pdf           = {../pubs/gianluca/ieeetrans03_flowmodel.pdf},
  year          = {2003},
}
@misc{ ryu01internet,
  author = "Ryu, B. and Cheney, D. and Braun, H-W.",
  title = "Internet Flow Characterization: Adaptive Timeout Strategy and Statistical
    Modeling",
  text = "B. Ryu, D. Cheney, H. Braun, Internet Flow Characterization: Adaptive Timeout
    Strategy and Statistical Modeling, Passive and Active Measurement Workshop,
    Amsterdam, April 2001.",
  year = "2001",
  url = "citeseer.nj.nec.com/ryu01internet.html" }

@Misc{web:cisco:netflows,
  title =        {{C}isco {N}et{F}lows},
  url = {http://www.cisco.com/en/US/tech/tk648/tk362/tk812/tech\_protocol\_home.html},
  author =       {{C}isco {S}ystems}
}

@Misc{web:ipb,
  key = 	 {IPB},
  title = 	 {IP Benchmark},
  url = {http://www.employees.org/~bmah/Papers/IPB-Mascots98.pdf},
}

@Misc{web:ns-2,
  key = 	 {NS-2},
  title = 	 {{NS}-2 {N}etwork {S}imulator},
  url = {http://www.isi.edu/nsnam/ns/}
}

@Misc{web:dag,
  key =          {DAG},
  title = 	 {{DAG} {G}roup}, 
  howpublished = {http://dag.cs.waikato.ac.nz},
  month = 	 {October},
  year = 	 {1999},
  note = 	 {Computer Science Department, University of Waikato, New Zealand},
}

@inproceedings{ brownlee-streams,
  author =       {Brownlee, N. and Murray, M.},
  title =        {{S}treams, {F}lows and {T}orrents},
  booktitle =    {Proceedings of the PAM2001 workshop on Passive and Active Measurements},
  year =         {2001},
  month =        {April},
  address =      {Amsterdam}
}

@article{ brownlee-dragonflies,
  author = "Brownlee, N. and claffy, k.",
  title = "Understanding Internet Traffic Streams: Dragonflies and Tortoises",
  journal = "IEEE Communications",
  volume = "40",
  number = "10",
  year = "2002",
  month = "10",
}

@Misc{web:wand,
  key =          {WAND},
  title = 	 {{WAND} {G}roup},
  howpublished = {http://atm.cs.waikato.ac.nz/wand},
  month = 	 {October},
  year = 	 {1999},
  note = 	 {Computer Science Department, University of Waikato, New Zealand},
}

@Misc{web:caida,
  key =          {CAIDA},
  title = 	 {{CAIDA}},
  howpublished = {http://www.caida.org},
  month = 	 {October},
  year = 	 {1999},
  note = 	 {Cooperative Association for Internet Data Analysis, San Diego, USA},
}

@Misc{web:coral,
  key =          {CR},
  title = 	 {{C}oral{R}eef {S}oftware {S}uite},
  howpublished = {http://www.caida.org/Tools/CoralReef},
  month = 	 {October},
  year = 	 {1999},
  note = 	 {CAIDA Research Group, San Diego, USA},
}

@Misc{web:nlanr,
  key =          {MOAT},
  title = 	 {{NLANR} {N}etwork {A}nalysis {I}nfrastructure},
  howpublished = {http://moat.nlanr.net},
  month = 	 {October},
  year = 	 {1999},
  note = 	 {National Laboratory for Applied Network Research, San Diego, USA},
}

@Misc{web:itsop,
  key =          {ITS},
  title = 	 {{U}niversity of {W}aikato {N}etwork {O}verview},
  howpublished = {http://operations.waikato.ac.nz/mrtg},
  month = 	 {October},
  year = 	 {1999},
  note = 	 {ITS, University of Waikato, New Zealand},
}

@Misc{web:ipdummynet,
  key =          {{IPDUMMYNET}},
  title = 	 {{IP} {D}ummynet},
  howpublished = {http://www.iet.unipi.it/$\sim$luigi/ip\_dummynet/},
}

@Misc{web:ios,
  key =          {{IOS}}, 
  title =        {Cisco {IOS}},
  howpublishd =  {http://www.cisco.com/warp/public/732/jump.shtml},
  note =         {Cisco Systems Ltd}
}

@Misc{web:cisco2500conf,
  title =        {Cisco 2500 Series Router Configuration},
  key =          {Cisco2500},
  howpublished = {http://www.cisco.com/univercd/cc/td/doc/product/access/
acs$\_$fix/cis2500/2501/2500ug/index.htm}
}

@TechReport{tcp,
 author =     "Postel, J.", 
 title =      "TRANSMISSION CONTROL PROTOCOL",
 institution =     "DARPA",
 year =            1981,
 number =      "RFC793",
 month =   Sep,
}

@TechReport{rfc2068,
 author =     "R.Fielding and  J.Gettys and J.Mogul and H.Frystyk and T.Berners-Lee",
 title =      "Hypertext Transfer Protocol -- HTTP/1.1",
 institution =     "IETF",
 year =            1997,
 number =      "RFC2068",
 month =   Jan,
}

@TechReport{rfc2001,
 author =     "W. Stevens",
 title =      "{TCP} Slow Start, Congestion Avoidance,
               Fast Retransmit, and Fast Recovery Algorithms",
 institution =     "IETF",
 year =            1997,
 number =      "RFC2001",
 month =   Jan,
}

@TechReport{bigtcp,
 author =     "Jacobson, V. and Braden, R. and Borman, D.",  
 title =      "{TCP} Extensions for High Performance",
 institution =     "IETF",
 year =            1992,
 number =      "RFC1323",
 month =   May,
}

@inproceedings{tcpoversat,
 author =     "Allman, Mark and Hayes, Chris and  Ostermann, Shawn and  
              Kruse, Hans", 
 title =      "{TCP} Performance Over Satellite Links", 
 booktitle =  "Proceedings of the Fifth International Conference on 
               Telecommunications Systems", 
 institution = "Nashville, TN", 
 month     =   Mar, 
 year      =   1997,
}


@misc{web:isc:domainsurvey,
  title = 	      {{ISC} {I}nternet {D}omain {S}urvey},
  howpublished =  {http://www.isc.org/ds/WWW-200301/index.html},
  month =         Jan,
  author =        {{ISC}},
  key =           {{ISC-IDS}},
  year =          2003,
}

@misc{web:cryptopan,
  key =          {{CryptoPAN}},
  title = 	 {{C}rypto {PAN}},
  howpublished = {http://www.cc.gatech.edu/computing/Telecomm/cryptopan/}
}

@misc{web:wits,
  key = 	{{WITS}},
  title =	{{W}aikato {I}nternet {T}race {S}torage},
  howpublished = {http://wand.cs.waikato.ac.nz/wand/wits/index.html}
}

}
@inproceedings{ hohn02does,
  author = {N. Hohn and D. Veitch and P. Abry},
  title = {Does fractal scaling at the IP level depend on TCP flow arrival processes},
  booktitle = "ACM SIGCOMM Internet Measurement Workshop (IMW-2002.)",
  year = {2002}
}

@InProceedings{      lazarou-internet,
  author              = "Georgios Lazarou and Xiangdong Xia and V. S.Frost",
  title               = "{Internet Traffic Modeling Using the Index of
Variability
}",
  booktitle           = "{IASTED International Conference Modelling and Simulation}",
  Address             = "Palm Springs, California",
  month               = "Feb.",
  year                = "2003"
}



@InProceedings{ uhlig-conservative,
  author = {S. Uhlig},
  title = {Conservative cascades: an Invariant of Internet traffic},
  booktitle  = "{IEEE International Symposium on Signal Processing and Information Technology}",
  Address = "Darmstadt, Germany",
  month   = "Dec.",
  year   = "2003",
  url = {citeseer.ist.psu.edu/665027.html}
}

@InProceedings{ hohn02impact,
  author = {N. Hohn and D. Veitch and P. Abry},
  title = {The impact of the flow arrival process in internet traffic},
  booktitle  = "{IEEE International Conference on Acoustics, Speach and Signal Processing ICASSP}",
  Address = "Hong Kong",
  year = {2003},
  month  =  "Apr.",
  url = {citeseer.ist.psu.edu/hohn02impact.html} 
}

% A couple of visualisation project websites - stj2, 22/4/2005
@misc{web:osg,
  key = 	{{OSG}},
  title =	{{O}pen {S}cene {G}raph},
  howpublished = {http://www.openscenegraph.org/}
}

@misc{web:vtk,
  key =         {{VTK}},
  title =       {{V}isualization {T}ool {K}it},
  howpublished = {http://public.kitware.com/VTK/index.php}
}

@misc{web:bung,
  key =         {{B}ung 3d {E}ngine},
  title =       {{B}ung 3d {E}ngine},
  author =      "Sam Jansen and Jesse Baker",
  howpublished = {http://www.wand.net.nz/~stj2/bung/}
}
